@ ARTICLE { Wallin ,
author = { TJ Wallin and J.Pikul and RF Çoban},
title = {Yumuşak robotik sistemlerin 3 boyutlu baskısı},
journal = {Nature Reviews Materials},
year = {2018},
volume = {1},
number = {3},
pages = {84-100},
crossref = {doi.org/10.1038/s41578-018-0002-2},
}

@ARTICLE { Yetkin ,
author = {Seda Yetkin and Gonca Ozman Koca},
title = {Esnek Robotların Tasarım, Kontrol ve İmalat Çalışmaları},
journal = {Uluslararası Mühendislik Araştırma ve Geliştirme Dergisi},
year = {2021},
volume = {13},
number = {1},
pages = {74-86},
crossref = {doi.org/10.29137/umagd.706041},
}
